<?xml version="1.0" encoding="UTF-8"?><collection xmlns="http://www.loc.gov/MARC21/slim"><record><leader>00557nam--2200181-i-4500</leader><controlfield tag="001">000042441</controlfield><controlfield tag="002">20161230</controlfield><controlfield tag="005">20161230201043</controlfield><controlfield tag="008">060222s1000------------r-----000-0-eng-d</controlfield><datafield ind1=" " ind2=" " tag="040"><subfield code="a">IFIN-HH</subfield></datafield><datafield ind1=" " ind2=" " tag="080"><subfield code="a">512:530.1</subfield></datafield><datafield ind1="1" ind2=" " tag="100"><subfield code="a">Blogh, F</subfield></datafield><datafield ind1="1" ind2="0" tag="245"><subfield code="a">Spectroscopic and group theoretical methods in physics. racah memorial volume</subfield><subfield code="c">F.blogh, s.g. cohen, a.de-shalit, s. sambursky, i. talmi (eds.)</subfield></datafield><datafield ind1=" " ind2=" " tag="260"><subfield code="a">Amsterdam</subfield><subfield code="b">North-holland Publ.Comp</subfield><subfield code="c">1968</subfield></datafield><datafield ind1=" " ind2=" " tag="300"><subfield code="a">X+462 P</subfield></datafield><datafield ind1="1" ind2=" " tag="700"><subfield code="a">Talmi, I</subfield><subfield code="e">Ed</subfield></datafield><datafield ind1=" " ind2=" " tag="852"><subfield code="a">30781</subfield><subfield code="c">53</subfield></datafield><datafield ind1=" " ind2=" " tag="CAT"><subfield code="a">Sys</subfield><subfield code="c">20150220</subfield><subfield code="h">103859</subfield></datafield></record></collection>